@article{Goodman2009,
	title = {The {Brian} simulator},
	volume = {3},
	copyright = {All rights reserved},
	issn = {16624548},
	url = {http://www.frontiersin.org/neuroscience/neuroscience/paper/10.3389/neuro.01/026.2009/},
	doi = {10.3389/neuro.01.026.2009},
	number = {2},
	urldate = {2010-03-01},
	journal = {Frontiers in Neuroscience},
	author = {Goodman, Dan F M. and Brette, Romain},
	month = sep,
	year = {2009},
	pages = {192--197},
}
@inproceedings{perez-nieves_sparse_2021,
	title = {Sparse {Spiking} {Gradient} {Descent}},
	volume = {34},
	copyright = {All rights reserved},
	url = {https://proceedings.neurips.cc/paper/2021/hash/61f2585b0ebcf1f532c4d1ec9a7d51aa-Abstract.html},
	urldate = {2024-04-02},
	booktitle = {Advances in {Neural} {Information} {Processing} {Systems}},
	publisher = {Curran Associates, Inc.},
	author = {Perez-Nieves, Nicolas and Goodman, Dan},
	year = {2021},
	pages = {11795--11808},
}